@inproceedings{mahendran2012adaptive,
  title={Adaptive MCMC with Bayesian optimization},
  author={Mahendran, Nimalan and Wang, Ziyu and Hamze, Firas and De Freitas, Nando},
  booktitle={Artificial Intelligence and Statistics},
  pages={751--760},
  year={2012},
  organization={PMLR}
}


@article{P21,
  doi = {10.1073/pnas.1416533112},
  url = {https://doi.org/10.1073/pnas.1416533112},
  year = {2015},
  month = feb,
  publisher = {Proceedings of the National Academy of Sciences},
  volume = {112},
  number = {9},
  pages = {E1038--E1047},
  author = {Andrea Y. Wei{\ss}e and Diego A. Oyarz{\'{u}}n and Vincent Danos and Peter S. Swain},
  title = {Mechanistic links between cellular trade-offs,  gene expression,  and growth}
}

@article{P33,
  doi = {10.1093/bib/bbm007},
  url = {https://doi.org/10.1093/bib/bbm007},
  year = {2006},
  month = dec,
  publisher = {Oxford University Press ({OUP})},
  volume = {8},
  number = {2},
  pages = {109--116},
  author = {D. J. Wilkinson},
  title = {Bayesian methods in bioinformatics and computational systems biology}
}

@book{P34,
author = {MacKay, David J. C.},
title = {Information Theory, Inference and Learning Algorithms},
year = {2002},
isbn = {0521642981},
publisher = {Cambridge University Press},
address = {USA}
}



@article{P37,
  doi = {10.3102/10769986029004461},
  url = {https://doi.org/10.3102/10769986029004461},
  year = {2004},
  month = dec,
  publisher = {American Educational Research Association ({AERA})},
  volume = {29},
  number = {4},
  pages = {461--488},
  author = {Sandip Sinharay},
  title = {Experiences With Markov Chain Monte Carlo Convergence Assessment in Two Psychometric Examples}
}


@article{P44,
author = {Andrieu, Christophe and Doucet, Arnaud and Holenstein, Roman},
title = {Particle Markov chain Monte Carlo methods},
journal = {Journal of the Royal Statistical Society: Series B (Statistical Methodology)},
volume = {72},
number = {3},
pages = {269-342},
keywords = {Bayesian inference, Markov chain Monte Carlo methods, Sequential Monte Carlo methods, State space models},
doi = {https://doi.org/10.1111/j.1467-9868.2009.00736.x},
url = {https://rss.onlinelibrary.wiley.com/doi/abs/10.1111/j.1467-9868.2009.00736.x},
eprint = {https://rss.onlinelibrary.wiley.com/doi/pdf/10.1111/j.1467-9868.2009.00736.x},
year = {2010}
}

@article{P45,
  doi = {10.1214/10-sts351},
  url = {https://doi.org/10.1214/10-sts351},
  year = {2011},
  month = feb,
  publisher = {Institute of Mathematical Statistics},
  volume = {26},
  number = {1},
  author = {Christian Robert and George Casella},
  title = {A Short History of Markov Chain Monte Carlo: Subjective Recollections from Incomplete Data}
}

@Article{pmid27903820,
   Author="Gorochowski, T. E. ",
   Title="{{A}gent-based modelling in synthetic biology}",
   Journal="Essays Biochem",
   Year="2016",
   Volume="60",
   Number="4",
   Pages="325--336",
   Month="11"
}

﻿@Article{Jang2012,
author={Jang, Seunghee S.
and Oishi, Kevin T.
and Egbert, Robert G.
and Klavins, Eric},
title={Specification and Simulation of Synthetic Multicelled Behaviors},
journal={ACS Synthetic Biology},
year={2012},
month={Aug},
day={17},
publisher={American Chemical Society},
volume={1},
number={8},
pages={365-374},
doi={10.1021/sb300034m},
url={https://doi.org/10.1021/sb300034m}
}

@Article{pmid23651288,
   Author="Rudge, T. J.  and Steiner, P. J.  and Phillips, A.  and Haseloff, J. ",
   Title="{{C}omputational modeling of synthetic microbial biofilms}",
   Journal="ACS Synth Biol",
   Year="2012",
   Volume="1",
   Number="8",
   Pages="345--352",
   Month="Aug"
}

@Article{pmid22482955,
   Author="Swat, M. H.  and Thomas, G. L.  and Belmonte, J. M.  and Shirinifard, A.  and Hmeljak, D.  and Glazier, J. A. ",
   Title="{{M}ulti-scale modeling of tissues using {C}ompu{C}ell3{D}}",
   Journal="Methods Cell Biol",
   Year="2012",
   Volume="110",
   Pages="325--366"
}

@Article{pmid28585809,
   Author="Matyjaszkiewicz, A.  and Fiore, G.  and Annunziata, F.  and Grierson, C. S.  and Savery, N. J.  and Marucci, L.  and di Bernardo, M. ",
   Title="{{B}{S}im 2.0: {A}n {A}dvanced {A}gent-{B}ased {C}ell {S}imulator}",
   Journal="ACS Synth Biol",
   Year="2017",
   Volume="6",
   Number="10",
   Pages="1969--1972",
   Month="10"
}

@Article{pmid31219795,
   Author="Hucka, M.  and Bergmann, F. T.  and Chaouiya, C.  and Dräger, A.  and Hoops, S.  and Keating, S. M.  and König, M.  and Novère, N. L.  and Myers, C. J.  and Olivier, B. G.  and Sahle, S.  and Schaff, J. C.  and Sheriff, R.  and Smith, L. P.  and Waltemath, D.  and Wilkinson, D. J.  and Zhang, F. ",
   Title="{{T}he {S}ystems {B}iology {M}arkup {L}anguage ({S}{B}{M}{L}): {L}anguage {S}pecification for {L}evel 3 {V}ersion 2 {C}ore {R}elease 2}",
   Journal="J Integr Bioinform",
   Year="2019",
   Volume="16",
   Number="2",
   Month="Jun"
}

﻿@Article{Stadter2021,
author={Stadter, Philipp
and Schalte, Yannik
and Schmiester, Leonard
and Hasenauer, Jan
and Stapor, Paul L.},
title={Benchmarking of numerical integration methods for ODE models of biological systems},
journal={Scientific Reports},
year={2021},
month={Jan},
day={29},
volume={11},
number={1},
pages={2696},
issn={2045-2322},
doi={10.1038/s41598-021-82196-2},
url={https://doi.org/10.1038/s41598-021-82196-2}
}

@Article{pmid24098642,
   Author="Raue, A.  and Schilling, M.  and Bachmann, J.  and Matteson, A.  and Schelker, M.  and Schelke, M.  and Kaschek, D.  and Hug, S.  and Kreutz, C.  and Harms, B. D.  and Theis, F. J.  and Klingmüller, U.  and Timmer, J. ",
   Title="{{L}essons learned from quantitative dynamical modeling in systems biology}",
   Journal="PLoS One",
   Year="2013",
   Volume="8",
   Number="9",
   Pages="e74335"
}

@MISC{Kitano02systemsbiology:,
    author = {Hiroaki Kitano},
    title = {Systems Biology: A Brief Overview},
    year = {2002}
}

@article{KESIC2016584,
title = {Systems biology, emergence and antireductionism},
journal = {Saudi Journal of Biological Sciences},
volume = {23},
number = {5},
pages = {584-591},
year = {2016},
issn = {1319-562X},
doi = {https://doi.org/10.1016/j.sjbs.2015.06.015},
url = {https://www.sciencedirect.com/science/article/pii/S1319562X15001485},
author = {Srdjan Kesić},
keywords = {Systems biology, Molecular biology, Reductionism, Antireductionism, Emergence, General systems theory, Nonlinear dynamics},
}

@Article{pmid15907465,
   Author="Aderem, A. ",
   Title="{{S}ystems biology: its practice and challenges}",
   Journal="Cell",
   Year="2005",
   Volume="121",
   Number="4",
   Pages="511--513",
   Month="May"
}

@Article{pmid23898328,
   Author="Liu, D.  and Hoynes-O'Connor, A.  and Zhang, F. ",
   Title="{{B}ridging the gap between systems biology and synthetic biology}",
   Journal="Front Microbiol",
   Year="2013",
   Volume="4",
   Pages="211"
}

@Article{pmid14973486,
   Author="Ozbudak, E. M.  and Thattai, M.  and Lim, H. N.  and Shraiman, B. I.  and Van Oudenaarden, A. ",
   Title="{{M}ultistability in the lactose utilization network of {E}scherichia coli}",
   Journal="Nature",
   Year="2004",
   Volume="427",
   Number="6976",
   Pages="737--740",
   Month="Feb"
}

@Article{pmid26400200,
   Author="Richardson, T. O.  and Gorochowski, T. E. ",
   Title="{{B}eyond contact-based transmission networks: the role of spatial coincidence}",
   Journal="J R Soc Interface",
   Year="2015",
   Volume="12",
   Number="111",
   Pages="20150705",
   Month="Oct"
}

@misc{ode45,
  title = {MATLAB ode45},
  howpublished = {\url{https://www.mathworks.com/help/matlab/ref/ode45.html}},
  note = {Accessed: 2022-04-02}
}

@misc{ode15s,
  title = {MATLAB ode15s},
  howpublished = {\url{https://uk.mathworks.com/help/matlab/ref/ode15s.html}},
  note = {Accessed: 2022-04-02}
}

@Article{pmid33206658,
   Author="Yazdani, A.  and Lu, L.  and Raissi, M.  and Karniadakis, G. E. ",
   Title="{{S}ystems biology informed deep learning for inferring parameters and hidden dynamics}",
   Journal="PLoS Comput Biol",
   Year="2020",
   Volume="16",
   Number="11",
   Pages="e1007575",
   Month="11"
}

@article{Curry1944TheMO,
  title={The method of steepest descent for non-linear minimization problems},
  author={Haskell B. Curry},
  journal={Quarterly of Applied Mathematics},
  year={1944},
  volume={2},
  pages={258-261}
}

@article{article,
author = {Calderhead, Ben and Girolami, Mark},
year = {2009},
month = {10},
pages = {4028-4045},
title = {Estimating Bayes factor via thermodynamic integration and population MCMC},
volume = {53},
journal = {Computational Statistics & Data Analysis},
doi = {10.1016/j.csda.2009.07.025}
}

@article{hoops2006copasi,
  title={COPASI—a complex pathway simulator},
  author={Hoops, Stefan and Sahle, Sven and Gauges, Ralph and Lee, Christine and Pahle, J{\"u}rgen and Simus, Natalia and Singhal, Mudita and Xu, Liang and Mendes, Pedro and Kummer, Ursula},
  journal={Bioinformatics},
  volume={22},
  number={24},
  pages={3067--3074},
  year={2006},
  publisher={Oxford University Press}
}

@article{maiwald2008dynamical,
  title={Dynamical modeling and multi-experiment fitting with PottersWheel},
  author={Maiwald, Thomas and Timmer, Jens},
  journal={Bioinformatics},
  volume={24},
  number={18},
  pages={2037--2043},
  year={2008},
  publisher={Oxford University Press}
}

@ARTICLE{10.3389/fams.2019.00055,
  
AUTHOR={Valderrama-Bahamóndez, Gloria I. and Fröhlich, Holger},
TITLE={MCMC Techniques for Parameter Estimation of ODE Based Models in Systems Biology},
JOURNAL={Frontiers in Applied Mathematics and Statistics},  
VOLUME={5},      
YEAR={2019},      
URL={https://www.frontiersin.org/article/10.3389/fams.2019.00055},
DOI={10.3389/fams.2019.00055},      
ISSN={2297-4687},   
}

@misc{https://doi.org/10.48550/arxiv.1403.8057,
  doi = {10.48550/ARXIV.1403.8057},
  url = {https://arxiv.org/abs/1403.8057},
  author = {Johnston, Iain G.},
  keywords = {Quantitative Methods (q-bio.QM), Computation (stat.CO), FOS: Biological sciences, FOS: Biological sciences, FOS: Computer and information sciences, FOS: Computer and information sciences},
  title = {Efficient parametric inference for stochastic biological systems with measured variability},
  publisher = {arXiv},
  year = {2014},
  copyright = {arXiv.org perpetual, non-exclusive license}
}

@Article{pmid19215296,
   Author="Ashyraliyev, M.  and Fomekong-Nanfack, Y.  and Kaandorp, J. A.  and Blom, J. G. ",
   Title="{{S}ystems biology: parameter estimation for biochemical models}",
   Journal="FEBS J",
   Year="2009",
   Volume="276",
   Number="4",
   Pages="886--902",
   Month="Feb"
}

@Article{pmid14559783,
   Author="Moles, C. G.  and Mendes, P.  and Banga, J. R. ",
   Title="{{P}arameter estimation in biochemical pathways: a comparison of global optimization methods}",
   Journal="Genome Res",
   Year="2003",
   Volume="13",
   Number="11",
   Pages="2467--2474",
   Month="Nov"
}

@INPROCEEDINGS{8374537,  author={Gupta, Sanjana and Hainsworth, Liam and Hogg, Justin and Lee, Robin and Faeder, James},  booktitle={2018 26th Euromicro International Conference on Parallel, Distributed and Network-based Processing (PDP)},   title={Evaluation of Parallel Tempering to Accelerate Bayesian Parameter Estimation in Systems Biology},   year={2018},  volume={},  number={},  pages={690-697},  doi={10.1109/PDP2018.2018.00114}}

@Article{pmid24457334,
   Author="Liepe, J.  and Kirk, P.  and Filippi, S.  and Toni, T.  and Barnes, C. P.  and Stumpf, M. P. ",
   Title="{{A} framework for parameter estimation and model selection from experimental data in systems biology using approximate {B}ayesian computation}",
   Journal="Nat Protoc",
   Year="2014",
   Volume="9",
   Number="2",
   Pages="439--456",
   Month="Feb"
}

@article{mathews2007biological,
  title={A biological model for influenza transmission: pandemic planning implications of asymptomatic infection and immunity},
  author={Mathews, John D and McCaw, Christopher T and McVernon, Jodie and McBryde, Emma S and McCaw, James M},
  journal={PLoS One},
  volume={2},
  number={11},
  pages={e1220},
  year={2007},
  publisher={Public Library of Science San Francisco, USA}
}

@Article{pmid15369668,
   Author="Stelling, J.  and Sauer, U.  and Szallasi, Z.  and Doyle, F. J.  and Doyle, J. ",
   Title="{{R}obustness of cellular functions}",
   Journal="Cell",
   Year="2004",
   Volume="118",
   Number="6",
   Pages="675--685",
   Month="Sep"
}

@Article{pmid21920040,
   Author="Zamora-Sillero, E.  and Hafner, M.  and Ibig, A.  and Stelling, J.  and Wagner, A. ",
   Title="{{E}fficient characterization of high-dimensional parameter spaces for systems biology}",
   Journal="BMC Syst Biol",
   Year="2011",
   Volume="5",
   Pages="142",
   Month="Sep"
}

@article{tsimring2014noise,
  title={Noise in biology},
  author={Tsimring, Lev S},
  journal={Reports on Progress in Physics},
  volume={77},
  number={2},
  pages={026601},
  year={2014},
  publisher={IOP Publishing}
}

@ARTICLE{10.3389/fgene.2014.00052,
AUTHOR={Pancaldi, Vera},   
TITLE={Biological noise to get a sense of direction: an analogy between chemotaxis and stress response},
JOURNAL={Frontiers in Genetics},      
VOLUME={5},      
YEAR={2014},
URL={https://www.frontiersin.org/article/10.3389/fgene.2014.00052},       
DOI={10.3389/fgene.2014.00052},      
ISSN={1664-8021}   
}

@article{
doi:10.1126/science.1242975,
author = {Alvaro Sanchez  and Ido Golding },
title = {Genetic Determinants and Cellular Constraints in Noisy Gene Expression},
journal = {Science},
volume = {342},
number = {6163},
pages = {1188-1193},
year = {2013},
doi = {10.1126/science.1242975},
URL = {https://www.science.org/doi/abs/10.1126/science.1242975},
eprint = {https://www.science.org/doi/pdf/10.1126/science.1242975}}

@Article{pmid18319722,
   Author="Lehner, B. ",
   Title="{{S}election to minimise noise in living systems and its implications for the evolution of gene expression}",
   Journal="Mol Syst Biol",
   Year="2008",
   Volume="4",
   Pages="170"
}

@article{johnson2006signal,
  title={Signal-to-noise ratio},
  author={Johnson, Don H},
  journal={Scholarpedia},
  volume={1},
  number={12},
  pages={2088},
  year={2006}
}

@book{durrett2019probability,
  title={Probability: theory and examples},
  author={Durrett, Rick},
  volume={49},
  year={2019},
  publisher={Cambridge university press}
}

@misc{https://doi.org/10.48550/arxiv.1706.07094,
  doi = {10.48550/ARXIV.1706.07094},
  url = {https://arxiv.org/abs/1706.07094},
  author = {Letham, Benjamin and Karrer, Brian and Ottoni, Guilherme and Bakshy, Eytan},
  keywords = {Machine Learning (stat.ML), Machine Learning (cs.LG), Applications (stat.AP), FOS: Computer and information sciences, FOS: Computer and information sciences},
  title = {Constrained Bayesian Optimization with Noisy Experiments},
  publisher = {arXiv},
  year = {2017},
  copyright = {arXiv.org perpetual, non-exclusive license}
}

@misc{NEI,
  title = {NEI implementation},
  howpublished = {\url{https://github.com/SheffieldML/GPyOpt/issues/192}},
  note = {Accessed: 2022-04-05}
}

@article{10.5555/2188385.2343701,
author = {Hennig, Philipp and Schuler, Christian J.},
title = {Entropy Search for Information-Efficient Global Optimization},
year = {2012},
issue_date = {3/1/2012},
publisher = {JMLR.org},
volume = {13},
number = {null},
issn = {1532-4435},
journal = {J. Mach. Learn. Res.},
month = {jun},
pages = {1809–1837},
numpages = {29},
keywords = {expectation propagation, information, Gaussian processes, probability, optimization}
}

@article{doi:10.1137/100801275,
author = {Scott, Warren and Frazier, Peter and Powell, Warren},
title = {The Correlated Knowledge Gradient for Simulation Optimization of Continuous Parameters using Gaussian Process Regression},
journal = {SIAM Journal on Optimization},
volume = {21},
number = {3},
pages = {996-1026},
year = {2011},
doi = {10.1137/100801275},
URL = {https://doi.org/10.1137/100801275},
eprint = {https://doi.org/10.1137/100801275},
}

@Article{pmid17922568,
   Author="Gutenkunst, R. N.  and Waterfall, J. J.  and Casey, F. P.  and Brown, K. S.  and Myers, C. R.  and Sethna, J. P. ",
   Title="{{U}niversally sloppy parameter sensitivities in systems biology models}",
   Journal="PLoS Comput Biol",
   Year="2007",
   Volume="3",
   Number="10",
   Pages="1871--1878",
   Month="Oct"
}

@Article{pmid18817540,
   Author="Ashyraliyev, M.  and Jaeger, J.  and Blom, J. G. ",
   Title="{{P}arameter estimation and determinability analysis applied to {D}rosophila gap gene circuits}",
   Journal="BMC Syst Biol",
   Year="2008",
   Volume="2",
   Pages="83",
   Month="Sep"
}

@article{kuo2005lifting,
  title={Lifting the curse of dimensionality},
  author={Kuo, Frances Y and Sloan, Ian H},
  journal={Notices of the AMS},
  volume={52},
  number={11},
  pages={1320--1328},
  year={2005}
}

@article{
doi:10.1073/pnas.0307095101,
author = {Jordi Garcia-Ojalvo  and Michael B. Elowitz  and Steven H. Strogatz },
title = {Modeling a synthetic multicellular clock: Repressilators coupled by quorum sensing},
journal = {Proceedings of the National Academy of Sciences},
volume = {101},
number = {30},
pages = {10955-10960},
year = {2004},
doi = {10.1073/pnas.0307095101},
URL = {https://www.pnas.org/doi/abs/10.1073/pnas.0307095101},
eprint = {https://www.pnas.org/doi/pdf/10.1073/pnas.0307095101}}

@Article{pmid22936991,
   Author="Gorochowski, T. E.  and Matyjaszkiewicz, A.  and Todd, T.  and Oak, N.  and Kowalska, K.  and Reid, S.  and Tsaneva-Atanasova, K. T.  and Savery, N. J.  and Grierson, C. S.  and di Bernardo, M. ",
   Title="{{B}{S}im: an agent-based tool for modeling bacterial populations in systems and synthetic biology}",
   Journal="PLoS One",
   Year="2012",
   Volume="7",
   Number="8",
   Pages="e42790"
}

@Article{pmid28585809,
   Author="Matyjaszkiewicz, A.  and Fiore, G.  and Annunziata, F.  and Grierson, C. S.  and Savery, N. J.  and Marucci, L.  and di Bernardo, M. ",
   Title="{{B}{S}im 2.0: {A}n {A}dvanced {A}gent-{B}ased {C}ell {S}imulator}",
   Journal="ACS Synth Biol",
   Year="2017",
   Volume="6",
   Number="10",
   Pages="1969--1972",
   Month="10"
}

@misc{GPyOpt,
  title = {GPyOpt github},
  howpublished = {\url{https://github.com/SheffieldML/GPyOpt}},
  note = {Accessed: 2022-04-07}
}

@misc{GPyOpt_home,
  title = {GPyOpt},
  howpublished = {\url{https://sheffieldml.github.io/GPyOpt/}},
  note = {Accessed: 2022-04-07}
}

@misc{BoTorch,
  title = {BoTorch},
  howpublished = {\url{https://botorch.org/}},
  note = {Accessed: 2022-04-07}
}

@misc{PyMC3,
  title = {PyMC3},
  howpublished = {\url{https://docs.pymc.io/en/v3/}},
  note = {Accessed: 2022-04-07}
}

@article{oro22547,
          volume = {6},
          number = {1},
           month = {March},
          author = {Martyn Plummer and Nicky Best and Kate Cowles and Karen Vines},
           title = {CODA: convergence diagnosis and output analysis for MCMC},
         journal = {R News},
           pages = {7--11},
            year = {2006},
             url = {http://oro.open.ac.uk/22547/}}
             
@article{doi:10.1198/1061860031347,
author = {S.P Brooks and P Giudici and A Philippe},
title = {Nonparametric Convergence Assessment for MCMC Model Selection},
journal = {Journal of Computational and Graphical Statistics},
volume = {12},
number = {1},
pages = {1-22},
year  = {2003},
publisher = {Taylor & Francis},
doi = {10.1198/1061860031347},
URL = {https://doi.org/10.1198/1061860031347},
eprint = {https://doi.org/10.1198/1061860031347}}

@article{rosenthal2011optimal,
  title={Optimal proposal distributions and adaptive MCMC},
  author={Rosenthal, Jeffrey S and others},
  journal={Handbook of Markov Chain Monte Carlo},
  volume={4},
  number={10.1201},
  year={2011},
  publisher={Chapman \& Hall/CRC Boca Raton, FL}
}

@article{Jones1998EfficientGO,
  title={Efficient Global Optimization of Expensive Black-Box Functions},
  author={Donald R. Jones and Matthias Schonlau and William J. Welch},
  journal={Journal of Global Optimization},
  year={1998},
  volume={13},
  pages={455-492}
}










